<?xml version="1.0" encoding="UTF-8"?><collection xmlns="http://www.loc.gov/MARC21/slim"><record><leader>00435nam--2200133-i-4500</leader><controlfield tag="001">000038010</controlfield><controlfield tag="002">20161230</controlfield><controlfield tag="005">20161230201041</controlfield><controlfield tag="008">060222s1000------------r-----000-0-eng-d</controlfield><datafield ind1=" " ind2=" " tag="080"><subfield code="a">543(083)</subfield></datafield><datafield ind1=" " ind2=" " tag="100"><subfield code="a">Rauscher, K./S.A.</subfield></datafield><datafield ind1=" " ind2=" " tag="245"><subfield code="a">Chemische tabellen und rechentafeln fur die analytische praxis.3., neu bearbeitete und erweiterte auflage</subfield></datafield><datafield ind1=" " ind2=" " tag="260"><subfield code="a">Leipzig, Veb Deutscher Verlag Fur Grundstoff Industrie, 1965, 309p</subfield></datafield><datafield ind1=" " ind2=" " tag="852"><subfield code="a">24766</subfield></datafield></record></collection>